
   <marc:record>
      <marc:leader>     cjm a22        4500</marc:leader>
      <marc:controlfield tag="001">49386329X</marc:controlfield>
      <marc:controlfield tag="003">DE-576</marc:controlfield>
      <marc:controlfield tag="005">20190624150735.0</marc:controlfield>
      <marc:controlfield tag="007">mo uuu---uuuuu</marc:controlfield>
      <marc:controlfield tag="008">170927s1975    xx ||||| |||| |   | zxx c</marc:controlfield>
      <marc:datafield tag="035" ind1=" " ind2=" ">
         <marc:subfield code="a">(DE-627)1563863294</marc:subfield>
      </marc:datafield>
      <marc:datafield tag="035" ind1=" " ind2=" ">
         <marc:subfield code="a">(DE-576)49386329X</marc:subfield>
      </marc:datafield>
      <marc:datafield tag="035" ind1=" " ind2=" ">
         <marc:subfield code="a">(DE-599)BSZ49386329X</marc:subfield>
      </marc:datafield>
      <marc:datafield tag="035" ind1=" " ind2=" ">
         <marc:subfield code="a">(OCoLC)1006834337</marc:subfield>
      </marc:datafield>
      <marc:datafield tag="040" ind1=" " ind2=" ">
         <marc:subfield code="a">DE-576</marc:subfield>
         <marc:subfield code="b">ger</marc:subfield>
         <marc:subfield code="c">DE-576</marc:subfield>
         <marc:subfield code="e">rda</marc:subfield>
      </marc:datafield>
      <marc:datafield tag="041" ind1=" " ind2=" ">
         <marc:subfield code="a">zxx</marc:subfield>
      </marc:datafield>
      <marc:datafield tag="245" ind1="1" ind2="0">
         <marc:subfield code="a">Alltag der Venus</marc:subfield>
         <marc:subfield code="c">[Kurt Petermann] ; Choreografie: Emöke Pöstenyi ; Musik: Günter Fischer ; [IV. Ballettwettbewerb der DDR]</marc:subfield>
      </marc:datafield>
      <marc:datafield tag="264" ind1=" " ind2="1">
         <marc:subfield code="a">Dessau</marc:subfield>
         <marc:subfield code="a">Karl-Marx-Stadt</marc:subfield>
         <marc:subfield code="b">[Verlag nicht ermittelbar]</marc:subfield>
         <marc:subfield code="c">1975</marc:subfield>
      </marc:datafield>
      <marc:datafield tag="300" ind1=" " ind2=" ">
         <marc:subfield code="a">1 Film (13:09 Minuten)</marc:subfield>
         <marc:subfield code="b">schwarz-weiß</marc:subfield>
         <marc:subfield code="c">16 mm</marc:subfield>
      </marc:datafield>
      <marc:datafield tag="336" ind1=" " ind2=" ">
         <marc:subfield code="a">zweidimensionales bewegtes Bild</marc:subfield>
         <marc:subfield code="b">tdi</marc:subfield>
         <marc:subfield code="2">rdacontent</marc:subfield>
      </marc:datafield>
      <marc:datafield tag="337" ind1=" " ind2=" ">
         <marc:subfield code="a">projizierbar</marc:subfield>
         <marc:subfield code="b">g</marc:subfield>
         <marc:subfield code="2">rdamedia</marc:subfield>
      </marc:datafield>
      <marc:datafield tag="338" ind1=" " ind2=" ">
         <marc:subfield code="a">Filmrolle</marc:subfield>
         <marc:subfield code="b">mo</marc:subfield>
         <marc:subfield code="2">rdacarrier</marc:subfield>
      </marc:datafield>
      <marc:datafield tag="500" ind1=" " ind2=" ">
         <marc:subfield code="a">Tanzfilm. DDR. 1975</marc:subfield>
      </marc:datafield>
      <marc:datafield tag="655" ind1=" " ind2="7">
         <marc:subfield code="a">Film</marc:subfield>
         <marc:subfield code="0">(DE-588)4017102-4</marc:subfield>
         <marc:subfield code="0">(DE-627)104559683</marc:subfield>
         <marc:subfield code="0">(DE-576)208918531</marc:subfield>
         <marc:subfield code="2">gnd-content</marc:subfield>
      </marc:datafield>
      <marc:datafield tag="700" ind1="1" ind2=" ">
         <marc:subfield code="a">Petermann, Kurt</marc:subfield>
         <marc:subfield code="d">1930-1984</marc:subfield>
         <marc:subfield code="e">FilmemacherIn</marc:subfield>
         <marc:subfield code="0">(DE-588)123791413</marc:subfield>
         <marc:subfield code="0">(DE-627)082769737</marc:subfield>
         <marc:subfield code="0">(DE-576)215010728</marc:subfield>
         <marc:subfield code="4">fmk</marc:subfield>
      </marc:datafield>
      <marc:datafield tag="700" ind1="1" ind2=" ">
         <marc:subfield code="a">Fischer, Günther</marc:subfield>
         <marc:subfield code="d">1944-</marc:subfield>
         <marc:subfield code="e">KomponistIn</marc:subfield>
         <marc:subfield code="0">(DE-588)134373553</marc:subfield>
         <marc:subfield code="0">(DE-627)575713690</marc:subfield>
         <marc:subfield code="0">(DE-576)316734276</marc:subfield>
         <marc:subfield code="4">cmp</marc:subfield>
      </marc:datafield>
      <marc:datafield tag="700" ind1="1" ind2=" ">
         <marc:subfield code="a">Pöstenyi, Emöke</marc:subfield>
         <marc:subfield code="d">1942-</marc:subfield>
         <marc:subfield code="e">ChoreografIn</marc:subfield>
         <marc:subfield code="0">(DE-588)138741913</marc:subfield>
         <marc:subfield code="0">(DE-627)703090100</marc:subfield>
         <marc:subfield code="0">(DE-576)30888163X</marc:subfield>
         <marc:subfield code="4">chr</marc:subfield>
      </marc:datafield>
      <marc:datafield tag="711" ind1="2" ind2=" ">
         <marc:subfield code="a">Ballettwettbewerb der DDR</marc:subfield>
         <marc:subfield code="n">4.</marc:subfield>
         <marc:subfield code="d">1975</marc:subfield>
         <marc:subfield code="c">Dessau</marc:subfield>
         <marc:subfield code="c">Karl-Marx-Stadt</marc:subfield>
         <marc:subfield code="j">VeranstalterIn</marc:subfield>
         <marc:subfield code="0">(DE-588)1138995657</marc:subfield>
         <marc:subfield code="0">(DE-627)896591379</marc:subfield>
         <marc:subfield code="0">(DE-576)49280950X</marc:subfield>
         <marc:subfield code="4">orm</marc:subfield>
      </marc:datafield>
      <marc:datafield tag="935" ind1=" " ind2=" ">
         <marc:subfield code="c">muto</marc:subfield>
      </marc:datafield>
      <marc:datafield tag="937" ind1=" " ind2=" ">
         <marc:subfield code="a">Tanzfilm</marc:subfield>
         <marc:subfield code="b">DDR</marc:subfield>
         <marc:subfield code="c">1975</marc:subfield>
      </marc:datafield>
      <marc:datafield tag="951" ind1=" " ind2=" ">
         <marc:subfield code="a">BO</marc:subfield>
      </marc:datafield>
   </marc:record>