
   <marc:record>
      <marc:leader>     cgm a22        4500</marc:leader>
      <marc:controlfield tag="001">493735356</marc:controlfield>
      <marc:controlfield tag="003">DE-576</marc:controlfield>
      <marc:controlfield tag="005">20180731113558.0</marc:controlfield>
      <marc:controlfield tag="007">mo uuu---uuuuu</marc:controlfield>
      <marc:controlfield tag="008">170922s1975    xx ||| |      |   m|zxx c</marc:controlfield>
      <marc:datafield tag="035" ind1=" " ind2=" ">
         <marc:subfield code="a">(DE-627)1563735350</marc:subfield>
      </marc:datafield>
      <marc:datafield tag="035" ind1=" " ind2=" ">
         <marc:subfield code="a">(DE-576)493735356</marc:subfield>
      </marc:datafield>
      <marc:datafield tag="035" ind1=" " ind2=" ">
         <marc:subfield code="a">(DE-599)BSZ493735356</marc:subfield>
      </marc:datafield>
      <marc:datafield tag="035" ind1=" " ind2=" ">
         <marc:subfield code="a">(OCoLC)1006806943</marc:subfield>
      </marc:datafield>
      <marc:datafield tag="040" ind1=" " ind2=" ">
         <marc:subfield code="a">DE-576</marc:subfield>
         <marc:subfield code="b">ger</marc:subfield>
         <marc:subfield code="c">DE-576</marc:subfield>
         <marc:subfield code="e">rda</marc:subfield>
      </marc:datafield>
      <marc:datafield tag="041" ind1=" " ind2=" ">
         <marc:subfield code="a">zxx</marc:subfield>
      </marc:datafield>
      <marc:datafield tag="245" ind1="1" ind2="0">
         <marc:subfield code="a">Grand Pas de deux aus Dornröschen</marc:subfield>
         <marc:subfield code="c">IV. Ballettwettbewerb der DDR ; Verband der Theaterschaffenden der DDR, Tanzarchiv der DDR ; [Kurt Petermann] ; Choreografie: L. Iwanow/M. Petipa ; Musik: P. Tschaikowski ; es tanzen:Sonja Gaubies, Frank Bade</marc:subfield>
      </marc:datafield>
      <marc:datafield tag="264" ind1=" " ind2="1">
         <marc:subfield code="a">Dessau</marc:subfield>
         <marc:subfield code="a">Karl-Marx-Stadt</marc:subfield>
         <marc:subfield code="b">[Verlag nicht ermittelbar]</marc:subfield>
         <marc:subfield code="c">1975</marc:subfield>
      </marc:datafield>
      <marc:datafield tag="300" ind1=" " ind2=" ">
         <marc:subfield code="a">1 Film (5:00 Minuten)</marc:subfield>
         <marc:subfield code="b">schwarz-weiß</marc:subfield>
         <marc:subfield code="c">16 mm</marc:subfield>
      </marc:datafield>
      <marc:datafield tag="336" ind1=" " ind2=" ">
         <marc:subfield code="a">zweidimensionales bewegtes Bild</marc:subfield>
         <marc:subfield code="b">tdi</marc:subfield>
         <marc:subfield code="2">rdacontent</marc:subfield>
      </marc:datafield>
      <marc:datafield tag="337" ind1=" " ind2=" ">
         <marc:subfield code="a">projizierbar</marc:subfield>
         <marc:subfield code="b">g</marc:subfield>
         <marc:subfield code="2">rdamedia</marc:subfield>
      </marc:datafield>
      <marc:datafield tag="338" ind1=" " ind2=" ">
         <marc:subfield code="a">Filmrolle</marc:subfield>
         <marc:subfield code="b">mo</marc:subfield>
         <marc:subfield code="2">rdacarrier</marc:subfield>
      </marc:datafield>
      <marc:datafield tag="500" ind1=" " ind2=" ">
         <marc:subfield code="a">Tanzfilm. DDR. 1975</marc:subfield>
      </marc:datafield>
      <marc:datafield tag="655" ind1=" " ind2="7">
         <marc:subfield code="a">Film</marc:subfield>
         <marc:subfield code="0">(DE-588)4017102-4</marc:subfield>
         <marc:subfield code="0">(DE-627)104559683</marc:subfield>
         <marc:subfield code="0">(DE-576)208918531</marc:subfield>
         <marc:subfield code="2">gnd-content</marc:subfield>
      </marc:datafield>
      <marc:datafield tag="700" ind1="1" ind2=" ">
         <marc:subfield code="a">Petermann, Kurt</marc:subfield>
         <marc:subfield code="d">1930-1984</marc:subfield>
         <marc:subfield code="e">FilmemacherIn</marc:subfield>
         <marc:subfield code="0">(DE-588)123791413</marc:subfield>
         <marc:subfield code="0">(DE-627)082769737</marc:subfield>
         <marc:subfield code="0">(DE-576)215010728</marc:subfield>
         <marc:subfield code="4">fmk</marc:subfield>
      </marc:datafield>
      <marc:datafield tag="700" ind1="1" ind2=" ">
         <marc:subfield code="a">Čajkovskij, Pëtr Ilʹič</marc:subfield>
         <marc:subfield code="d">1840-1893</marc:subfield>
         <marc:subfield code="e">KomponistIn</marc:subfield>
         <marc:subfield code="0">(DE-588)118638157</marc:subfield>
         <marc:subfield code="0">(DE-627)13458452X</marc:subfield>
         <marc:subfield code="0">(DE-576)160001935</marc:subfield>
         <marc:subfield code="4">cmp</marc:subfield>
      </marc:datafield>
      <marc:datafield tag="700" ind1="1" ind2=" ">
         <marc:subfield code="a">Ivanov, Lev I.</marc:subfield>
         <marc:subfield code="d">1834-1901</marc:subfield>
         <marc:subfield code="e">ChoreografIn</marc:subfield>
         <marc:subfield code="0">(DE-588)119502763</marc:subfield>
         <marc:subfield code="0">(DE-627)080318746</marc:subfield>
         <marc:subfield code="0">(DE-576)176159525</marc:subfield>
         <marc:subfield code="4">chr</marc:subfield>
      </marc:datafield>
      <marc:datafield tag="700" ind1="1" ind2=" ">
         <marc:subfield code="a">Petipa, Marius</marc:subfield>
         <marc:subfield code="d">1818-1910</marc:subfield>
         <marc:subfield code="e">ChoreografIn</marc:subfield>
         <marc:subfield code="0">(DE-588)11859320X</marc:subfield>
         <marc:subfield code="0">(DE-627)079386326</marc:subfield>
         <marc:subfield code="0">(DE-576)170829189</marc:subfield>
         <marc:subfield code="4">chr</marc:subfield>
      </marc:datafield>
      <marc:datafield tag="700" ind1="1" ind2=" ">
         <marc:subfield code="a">Gaubies, Sonja</marc:subfield>
         <marc:subfield code="e">TänzerIn</marc:subfield>
         <marc:subfield code="0">(DE-588)1061869059</marc:subfield>
         <marc:subfield code="0">(DE-627)806243031</marc:subfield>
         <marc:subfield code="0">(DE-576)418905940</marc:subfield>
         <marc:subfield code="4">dnc</marc:subfield>
      </marc:datafield>
      <marc:datafield tag="700" ind1="1" ind2=" ">
         <marc:subfield code="a">Bade, Frank</marc:subfield>
         <marc:subfield code="e">TänzerIn</marc:subfield>
         <marc:subfield code="4">dnc</marc:subfield>
      </marc:datafield>
      <marc:datafield tag="711" ind1="2" ind2=" ">
         <marc:subfield code="a">Ballettwettbewerb der DDR</marc:subfield>
         <marc:subfield code="n">4.</marc:subfield>
         <marc:subfield code="d">1975</marc:subfield>
         <marc:subfield code="c">Dessau</marc:subfield>
         <marc:subfield code="c">Karl-Marx-Stadt</marc:subfield>
         <marc:subfield code="j">VeranstalterIn</marc:subfield>
         <marc:subfield code="0">(DE-588)1138995657</marc:subfield>
         <marc:subfield code="0">(DE-627)896591379</marc:subfield>
         <marc:subfield code="0">(DE-576)49280950X</marc:subfield>
         <marc:subfield code="4">orm</marc:subfield>
      </marc:datafield>
      <marc:datafield tag="710" ind1="2" ind2=" ">
         <marc:subfield code="a">Verband der Theaterschaffenden der Deutschen Demokratischen Republik</marc:subfield>
         <marc:subfield code="e">Herausgebendes Organ</marc:subfield>
         <marc:subfield code="0">(DE-588)1011604-7</marc:subfield>
         <marc:subfield code="0">(DE-627)10320329X</marc:subfield>
         <marc:subfield code="0">(DE-576)191196533</marc:subfield>
         <marc:subfield code="4">isb</marc:subfield>
      </marc:datafield>
      <marc:datafield tag="710" ind1="2" ind2=" ">
         <marc:subfield code="a">Deutsches Tanzarchiv Leipzig</marc:subfield>
         <marc:subfield code="e">Herausgebendes Organ</marc:subfield>
         <marc:subfield code="0">(DE-588)2030656-8</marc:subfield>
         <marc:subfield code="0">(DE-627)102374422</marc:subfield>
         <marc:subfield code="0">(DE-576)191822817</marc:subfield>
         <marc:subfield code="4">isb</marc:subfield>
      </marc:datafield>
      <marc:datafield tag="935" ind1=" " ind2=" ">
         <marc:subfield code="c">vide</marc:subfield>
         <marc:subfield code="c">muto</marc:subfield>
      </marc:datafield>
      <marc:datafield tag="937" ind1=" " ind2=" ">
         <marc:subfield code="a">Tanzfilm</marc:subfield>
         <marc:subfield code="b">DDR</marc:subfield>
         <marc:subfield code="c">1975</marc:subfield>
      </marc:datafield>
      <marc:datafield tag="951" ind1=" " ind2=" ">
         <marc:subfield code="a">BO</marc:subfield>
      </marc:datafield>
   </marc:record>